%
% All bibliographical references
%

\begin{document}
    @techreport{scarfone2007guide,
        author={Scarfone, Karen A. and Mell, Peter M.},
        title={SP 800-94. Guide to Intrusion Detection and Prevention Systems (IDPS)},
        year={2007},
        institution={National Institute of Standards \& Technology},
        address={Gaithersburg, MD, United States}
    }
    @techreport{fielding1999http,
        author={Fielding, R. and Gettys, J. and Mogul, J. and Frystyk, H. and Masinter, L. and Leach, P. and Berners-Lee, T.},
        title={RFC 2616: Hypertext Transfer Protocol -- HTTP/1.1},
        year={1999},
        institution={RFC Editor},
        address={United States}
    }
    @techreport{belshe2015http2,
        author={Belshe, M. and Peon, R. and Thomson, N.},
        title={RFC 7540: Hypertext Transfer Protocol Version 2 -- HTTP/2},
        year={2015},
        institution={RFC Editor},
        address={United States}
    }
    @misc{gimenez2015tfg,
        title={HTTP-WS-AD: Detector de Anomalías orientada a aplicaciones web y web services},
        author={José Giménez},
        year={2015},
        howpublished={Universidad Nacional de Asunción}
    }
    @phdthesis{torranoGimenez2015study,
        title={Study of stochastic and machine learning techniques for anomaly-based web attack detection},
        author={Torrano-Giménez, Carmen},
        year={2015},
        school={Universidad Carlos III de Madrid}
    }
    @phdthesis{robertson2009detecting,
        title={Detecting and preventing attacks against web applications},
        author={Robertson, William},
        year={2009},
        school={University of California, Santa Barbara}
    }
    @phdthesis{rieck2009machine,
        title={Machine learning for application-layer intrusion detection},
        author={Rieck, Konrad},
        year={2009},
        school={Technischen Universität Berlin},
        note={Accessible under: \url{http://dx.doi.org/10.14279/depositonce-2199}}
    }
    @inproceedings{sommer2010outside,
        title={Outside the closed world: On using machine learning for network intrusion detection},
        author={Sommer, Robin and Paxson, Vern},
        booktitle={Security and Privacy (SP), 2010 IEEE Symposium on},
        year={2010},
        organization={IEEE}
    }
    @article{buczak2016survey,
        title={A survey of data mining and machine learning methods for cyber security intrusion detection},
        author={Buczak, Anna L and Guven, Erhan},
        journal={IEEE Communications Surveys \& Tutorials},
        year={2016},
        publisher={IEEE}
    }
    @inproceedings{khan2009survey,
        title={A survey of recent trends in one class classification},
        author={Khan, Shehroz S and Madden, Michael G},
        booktitle={Irish Conference on Artificial Intelligence and Cognitive Science},
        year={2009},
        organization={Springer Berlin Heidelberg}
    }
    @article{khan2014one,
        title={One-class classification: taxonomy of study and review of techniques},
        author={Khan, Shehroz and Madden, Michael},
        journal={The Knowledge Engineering Review},
        year={2014},
        publisher={Cambridge University Press}
    }
    @inproceedings{parhizkar2015oc,
        title={OC-WAD: A one-class classifier ensemble approach for anomaly detection in web traffic},
        author={Parhizkar, Elham and Abadi, Mahdi},
        booktitle={2015 23rd Iranian Conference on Electrical Engineering (ICEE)},
        year={2015},
        organization={IEEE}
    }
    @inproceedings{kruegel2003anomaly,
        title={Anomaly detection of web-based attacks},
        author={Kruegel, Christopher and Vigna, Giovanni},
        booktitle={Proceedings of the 10th ACM conference on Computer and communications security},
        year={2003},
        organization={ACM}
    }
    @article{kruegel2005multi,
        title={A multi-model approach to the detection of web-based attacks},
        author={Kruegel, Christopher and Vigna, Giovanni and Robertson, William},
        journal={Computer Networks},
        year={2005},
        publisher={Elsevier}
    }
    @incollection{nguyen2011application,
        title={Application of the generic feature selection measure in detection of web attacks},
        author={Nguyen, Hai Thanh and Torrano-Gimenez, Carmen and Alvarez, Gonzalo and Petrovi{\'c}, Slobodan and Franke, Katrin},
        booktitle={Computational Intelligence in Security for Information Systems},
        year={2011},
        publisher={Springer, Berlin, Heidelberg}
    }
    @book{aggarwal2013outlier,
        author={Aggarwal, Charu C.},
        title={Outlier Analysis},
        year={2013},
        publisher={Springer Publishing Company, Incorporated}
    }
    @inproceedings{perdisci2006using,
        title={Using an ensemble of one-class SVM classifiers to harden payload-based anomaly detection systems},
        author={Perdisci, Roberto and Gu, Guofei and Lee, Wenke},
        booktitle={Data Mining, 2006. ICDM'06. Sixth International Conference on},
        year={2006},
        organization={IEEE}
    }
    @article{scholkopf2001estimating,
        title={Estimating the support of a high-dimensional distribution},
        author={Schölkopf, Bernhard and Platt, John C and Shawe-Taylor, John and Smola, Alex J and Williamson, Robert C},
        journal={Neural computation},
        year={2001},
        publisher={MIT Press}
    }
    @inproceedings{amer2013paper,
        author={Amer, Mennatallah and Goldstein, Markus and Abdennadher, Slim},
        title={Enhancing One-class Support Vector Machines for Unsupervised Anomaly Detection},
        booktitle={Proceedings of the ACM SIGKDD Workshop on Outlier Detection and Description},
        year={2013},
        publisher={ACM}
    }
    @misc{encyMathEntropy,
        author={Dobrushin, R.L. and Prelov, V.V.},
        title={Entropy - Encyclopedia of Mathematics},
        year={2011},
        howpublished={\url{http://www.encyclopediaofmath.org/index.php?title=Entropy&oldid=15099}},
        note={Accessed: August-2017}
    }
    @article{scikit-learn,
        title={Scikit-learn: Machine Learning in {P}ython},
        author={Pedregosa, F. and Varoquaux, G. and Gramfort, A. and Michel, V.
            and Thirion, B. and Grisel, O. and Blondel, M. and Prettenhofer, P.
            and Weiss, R. and Dubourg, V. and Vanderplas, J. and Passos, A. and
            Cournapeau, D. and Brucher, M. and Perrot, M. and Duchesnay, E.},
        journal={Journal of Machine Learning Research},
        year={2011}
    }
    @misc{csic2010dataset,
        title={CSIC 2010 HTTP data sets},
        author={Torrano-Giménez, Carmen and Pérez Villegas, Alejandro and Álvarez Marañón, Gonzalo},
        year={2010},
        howpublished={\url{http://www.isi.csic.es/dataset/}},
        note={Accessed: July-2017}
    }
    @misc{torpeda2012dataset,
        title={CSIC TORPEDA 2012 HTTP data sets},
        author={Torrano-Giménez, Carmen and Pérez, Alejandro and Álvarez, Gonzalo},
        year={2012},
        howpublished={\url{http://www.tic.itefi.csic.es/torpeda}},
        note={Accessed: July-2017}
    }
    @misc{cherryproxy2011,
        title={CherryProxy - a filtering HTTP proxy extensible in Python},
        author={Lagadec, Philippe},
        year={2011},
        howpublished={\url{http://www.decalage.info/python/cherryproxy}},
        note={Accessed: July-2017}
    }
    @misc{internetWeatherMap,
        title={Internet Weather Map},
        year={2017},
        key={InternetWeatherMap},
        howpublished={\url{https://www.internetweathermap.com/map}},
        note={Accessed: August-2017}
    }
\end{document}
